
@article{cheng2024zest,
  title={ZeST: Zero-shot material transfer from a single image},
  author={Cheng, Yuta and Takikawa, Tatsuya and Saito, Shunsuke and Vedaldi, Andrea and Amano, Takuhiro and Goldman, Daniel and Kristof, Toth},
  journal={arXiv preprint arXiv:2404.06425},
  year={2024}
}

@article{yang2025multi,
  title={Multi-party Collaborative Attention Control for Image Customization},
  author={Yang, Fandong and Liu, Yexin and Wang, Chen and Zhang, Yinda and Zhang, Yu-Shen and Wang, Cuixia and Chen, Hong-An and Wang, Yu-Hui and Luo, Biao and Zhang, Yihang and others},
  journal={arXiv preprint arXiv:2407.03850},
  year={2025}
}

@article{xing2024csgo,
  title={CSGO: Content-style composition in text-to-image generation},
  author={Xing, Zixu and Wu, Zhaoliang and Zhang, Yuxiang and Chen, Zhaochun and Wang, Dai and Liu, Jing and Zhang, Qi and Cui, Yixuan and Wu, Jia},
  journal={arXiv preprint arXiv:2406.04231},
  year={2024}
}

@article{ye2023ipadapter,
  title={IP-Adapter: Text Compatible Image Prompt Adapter for Text-to-Image Diffusion Models},
  author={Ye, Hu and Zhang, Jun and Liu, Sibo and Han, Xiao and Yang, Wei},
  journal={arXiv preprint arXiv:2308.06721},
  year={2023}
}

@article{wang2024instantstyle,
  title={InstantStyle: Free lunch towards style-preserving in text-to-image generation},
  author={Wang, Haofan and Wu, Qixun and Liu, Yaosen and Liu, Xu and Wang, Chaohui and Wang, Wen and Cao, Nan and Li, Cewu},
  journal={arXiv preprint arXiv:2404.02734},
  year={2024}
}

@article{zhang2023controlnet,
  title={Adding Conditional Control to Text-to-Image Diffusion Models},
  author={Zhang, Lvmin and Agrawala, Maneesh},
  journal={arXiv preprint arXiv:2302.05543},
  year={2023}
}

@article{podell2023sdxl,
  title={SDXL: Improving latent diffusion models for high-resolution image synthesis},
  author={Podell, Dustin and English, Zion and Lacey, Kyle and Blattmann, Andreas and Dockhorn, Tim and Muller, Jonas and Penna, Joe and Rombach, Robin},
  journal={arXiv preprint arXiv:2307.01952},
  year={2023}
}

@article{gatys2016image,
  title={Image style transfer using convolutional neural networks},
  author={Gatys, Leon A and Ecker, Alexander S and Bethge, Matthias},
  journal={Proceedings of the IEEE conference on computer vision and pattern recognition},
  pages={2414--2423},
  year={2016}
}

@inproceedings{johnson2016perceptual,
  title={Perceptual losses for real-time style transfer and super-resolution},
  author={Johnson, Justin and Alahi, Alexandre and Fei-Fei, Li},
  booktitle={European conference on computer vision},
  pages={694--711},
  year={2016},
  organization={Springer}
}

@article{yin2024depthanythingv2,
    title={Depth Anything V2},
    author={Yin, Weiguang and Wang, Jian and Zou, Zun and Chen, Hao and Shen, Chunhua},
    journal={arXiv preprint arXiv:2406.09414},
    year={2024}
}
